
@article{Roland2021Percolation,
  title = {Percolation Transition for Random Forests in \$d\textbackslash geq 3\$},
  author = {Bauerschmidt, Roland and Crawford, Nicholas and Helmuth, Tyler},
  year = {2021},
  month = dec,
  journal = {arXiv:2107.01878 [math-ph]},
  eprint = {2107.01878},
  eprinttype = {arxiv},
  primaryclass = {math-ph}
}
@article{Wu1982,
  title = {The Potts model},
  author = {Wu, F. Y.},
  journal = {Rev. Mod. Phys.},
  volume = {54},
  issue = {1},
  pages = {235--268},
  numpages = {0},
  year = {1982},
  month = {Jan},
  publisher = {American Physical Society},
  doi = {10.1103/RevModPhys.54.235},
}

@article{Potts1952, 
	title={Some generalized order-disorder transformations}, 
	volume={48}, 
	DOI={10.1017/S0305004100027419}, 
	number={1}, 
	journal={Mathematical Proceedings of the Cambridge Philosophical Society}, 
	publisher={Cambridge University Press}, 
	author={Potts, R. B.}, 
	year={1952}, 
	pages={106–109}
}

@article{Fortuin1972,
title = {On the random-cluster model: I. Introduction and relation to other models},
journal = {Physica},
volume = {57},
number = {4},
pages = {536-564},
year = {1972},
issn = {0031-8914},
doi = {https://doi.org/10.1016/0031-8914(72)90045-6},
author = {C.M. Fortuin and P.W. Kasteleyn},
}

@article{Caracciolo2004,
  title = {Fermionic Field Theory for Trees and Forests},
  author = {Caracciolo, Sergio and Jacobsen, Jesper Lykke and Saleur, Hubert and Sokal, Alan D. and Sportiello, Andrea},
  year = {2004},
  month = aug,
  journal = {Phys. Rev. Lett.},
  volume = {93},
  number = {8},
  eprint = {cond-mat/0403271},
  eprinttype = {arxiv},
  pages = {080601},
  issn = {0031-9007, 1079-7114},
  doi = {10.1103/PhysRevLett.93.080601}
}

@article{Deng2007,
  title = {Ferromagnetic {{Phase Transition}} for the {{Spanning-Forest Model}} ( q \textrightarrow{} 0 {{Limit}} of the {{Potts Model}}) in {{Three}} or {{More Dimensions}}},
  author = {Deng, Youjin and Garoni, Timothy M. and Sokal, Alan D.},
  year = {2007},
  month = jan,
  journal = {Phys. Rev. Lett.},
  volume = {98},
  number = {3},
  pages = {030602},
  issn = {0031-9007, 1079-7114},
  doi = {10.1103/PhysRevLett.98.030602}
}

@article{Roland2021Hyperbolic,
  title = {Random {{Spanning Forests}} and {{Hyperbolic Symmetry}}},
  author = {Bauerschmidt, Roland and Crawford, Nicholas and Helmuth, Tyler and Swan, Andrew},
  year = {2021},
  month = feb,
  journal = {Commun. Math. Phys.},
  volume = {381},
  number = {3},
  pages = {1223--1261},
  issn = {0010-3616, 1432-0916},
  doi = {10.1007/s00220-020-03921-y}
}
@article{Luczak1992, 
  title={Components of Random Forests}, 
  volume={1}, DOI={10.1017/S0963548300000067}, 
  number={1}, 
  journal={Combinatorics, Probability and Computing}, 
  publisher={Cambridge University Press}, 
  author={Łuczak, Tomasz and Pittel, Boris}, 
  year={1992}, pages={35–52}
}
@article{Martin2018,
  title = {Critical Random Forests},
  author = {Martin, James B. and Yeo, Dominic},
  year = {2018},
  journal = {ALEA},
  volume = {15},
  number = {2},
  pages = {913},
  issn = {1980-0436},
  doi = {10.30757/ALEA.v15-35}
}




